% Use this file for citations not found in the ACL Anthology (contained in "anthology.bib").

@book{Aho:72,
    author  = {Alfred V. Aho and Jeffrey D. Ullman},
    title   = {The Theory of Parsing, Translation and Compiling},
    year    = "1972",
    volume  = "1",
    publisher = {Prentice-Hall},
    address = {Englewood Cliffs, NJ}
}

@inproceedings{CausalClaims,
  title={{Causal Claims Task Description Paper}},
  author={Causal Claims Task Organisers},
  booktitle={SemEval},
  year={2023}
}

@inproceedings{Akbik2019FLAIRAE,
  title={{FLAIR: An Easy-to-Use Framework for State-of-the-Art NLP}},
  author={A. Akbik and Tanja Bergmann and Duncan A. J. Blythe and Kashif Rasul and Stefan Schweter and Roland Vollgraf},
  booktitle={North American Chapter of the Association for Computational Linguistics},
  year={2019}
}

@article{Liu2019RoBERTaAR,
  title={{RoBERTa: A Robustly Optimized BERT Pretraining Approach}},
  author={Yinhan Liu and Myle Ott and Naman Goyal and Jingfei Du and Mandar Joshi and Danqi Chen and Omer Levy and Mike Lewis and Luke Zettlemoyer and Veselin Stoyanov},
  journal={ArXiv},
  year={2019},
  volume={abs/1907.11692}
}

@article{Sanh2019DistilBERTAD,
  title={{DistilBERT, a distilled version of BERT: smaller, faster, cheaper and lighter}},
  author={Victor Sanh and Lysandre Debut and Julien Chaumond and Thomas Wolf},
  journal={ArXiv},
  year={2019},
  volume={abs/1910.01108}
}

@book{APA:83,
    author  = {{American Psychological Association}},
    title   = {Publications Manual},
    year    = "1983",
    publisher = {American Psychological Association},
    address = {Washington, DC}
}

@article{Chandra:81,
	author = {Ashok K. Chandra and Dexter C. Kozen and Larry J. Stockmeyer},
	year = "1981",
	title = {Alternation},
	journal = {Journal of the Association for Computing Machinery},
	volume = "28",
	number = "1",
	pages = "114--133",
	doi = "10.1145/322234.322243",
}

@inproceedings{andrew2007scalable,
  title={Scalable training of {L1}-regularized log-linear models},
  author={Andrew, Galen and Gao, Jianfeng},
  booktitle={Proceedings of the 24th International Conference on Machine Learning},
  pages={33--40},
  year={2007},
}

@book{Gusfield:97,
    author  = {Dan Gusfield},
    title   = {Algorithms on Strings, Trees and Sequences},
    year    = "1997",
    publisher = {Cambridge University Press},
    address = {Cambridge, UK}
}

@article{rasooli-tetrault-2015,
    author    = {Mohammad Sadegh Rasooli and Joel R. Tetreault},
    title     = {Yara Parser: {A} Fast and Accurate Dependency Parser},
    journal   = {Computing Research Repository},
    volume    = {arXiv:1503.06733},
    year      = {2015},
    url       = {http://arxiv.org/abs/1503.06733},
    note    = {version 2}
}

@article{Ando2005,
	Acmid = {1194905},
	Author = {Ando, Rie Kubota and Zhang, Tong},
	Issn = {1532-4435},
	Issue_Date = {12/1/2005},
	Journal = {Journal of Machine Learning Research},
	Month = dec,
	Numpages = {37},
	Pages = {1817--1853},
	Publisher = {JMLR.org},
	Title = {A Framework for Learning Predictive Structures from Multiple Tasks and Unlabeled Data},
	Volume = {6},
	Year = {2005}
}



% Background
@article{brockmeier2019improving,
  title={Improving reference prioritisation with PICO recognition},
  author={Brockmeier, Austin J and Ju, Meizhi and Przyby{\l}a, Piotr and Ananiadou, Sophia},
  journal={BMC Medical Inform Decis Mak},
  volume={19},
  number={1},
  pages={1--14},
  year={2019},
  publisher={BioMed Central}
}

@inproceedings{dhrangadhariya2021end,
  title={End-to-end fine-grained neural entity recognition of patients, interventions, outcomes},
  author={Dhrangadhariya, Anjani and Aguilar, Gustavo and Solorio, Thamar and Hilfiker, Roger and M{\"u}ller, Henning},
  booktitle={International Conference of the Cross-Language Evaluation Forum for European Languages},
  pages={65--77},
  year={2021},
  organization={Springer}
}

@inproceedings{nye2018corpus,
  title={A corpus with multi-level annotations of patients, interventions and outcomes to support language processing for medical literature},
  author={Nye, Benjamin and Li, Junyi Jessy and Patel, Roma and Yang, Yinfei and Marshall, Iain J and Nenkova, Ani and Wallace, Byron C},
  booktitle={Proceedings of the conference. Association for Computational Linguistics. Meeting},
  volume={2018},
  pages={197},
  year={2018},
  organization={NIH Public Access}
}

@article{gururangan2020don,
  title={Don't stop pretraining: Adapt language models to domains and tasks},
  author={Gururangan, Suchin and Marasovi{\'c}, Ana and Swayamdipta, Swabha and Lo, Kyle and Beltagy, Iz and Downey, Doug and Smith, Noah A},
  journal={arXiv preprint arXiv:2004.10964},
  year={2020}
}

@article{liu2019roberta,
  title={Roberta: A robustly optimized bert pretraining approach},
  author={Liu, Yinhan and Ott, Myle and Goyal, Naman and Du, Jingfei and Joshi, Mandar and Chen, Danqi and Levy, Omer and Lewis, Mike and Zettlemoyer, Luke and Stoyanov, Veselin},
  journal={arXiv preprint arXiv:1907.11692},
  year={2019}
}

@inproceedings{jin2018pico,
  title={{PICO} element detection in medical text via long short-term memory neural networks},
  author={Jin, Di and Szolovits, Peter},
  booktitle={Proceedings of the BioNLP 2018 workshop},
  pages={67--75},
  year={2018},
  publisher={Association for Computational Linguistics}
}

@article{boudin2010combining,
  title={Combining classifiers for robust {PICO} element detection},
  author={Boudin, Florian and Nie, Jian-Yun and Bartlett, Joan C and Grad, Roland and Pluye, Pierre and Dawes, Martin},
  journal={BMC medical informatics and decision making},
  volume={10},
  number={1},
  pages={1--6},
  year={2010},
  publisher={BioMed Central}
}

@article{zhang2020unlocking,
  title={Unlocking the power of deep {PICO} extraction: Step-wise medical ner identification},
  author={Zhang, Tengteng and Yu, Yiqin and Mei, Jing and Tang, Zefang and Zhang, Xiang and Li, Shaochun},
  journal={arXiv preprint arXiv:2005.06601},
  year={2020}
}

@article{hochreiter1997long,
  title={Long short-term memory},
  author={Hochreiter, Sepp and Schmidhuber, J{\"u}rgen},
  journal={Neural computation},
  volume={9},
  number={8},
  pages={1735--1780},
  year={1997},
  publisher={MIT press}
}

@inproceedings{zhou2016learning,
  title={Learning deep features for discriminative localization},
  author={Zhou, Bolei and Khosla, Aditya and Lapedriza, Agata and Oliva, Aude and Torralba, Antonio},
  booktitle={Proceedings of the IEEE conference on computer vision and pattern recognition},
  pages={2921--2929},
  year={2016}
}